@article{Leroy_2006,
	author = {Leroy, Xavier},
	title = {Formal Certification of a Compiler Back-End or: Programming a Compiler with a Proof Assistant},
	year = {2006},
	issue_date = {January 2006},
	publisher = {Association for Computing Machinery},
	address = {New York, NY, USA},
	volume = {41},
	number = {1},
	issn = {0362-1340},
	url = {https://doi.org/10.1145/1111320.1111042},
	doi = {10.1145/1111320.1111042},
	journal = {SIGPLAN Not.},
	month = jan,
	pages = {42–54},
	numpages = {13},
	keywords = {compiler transformations and optimizations, the Coq theorem prover, program proof, certified compilation, semantic preservation}
}

@article{Leroy_2009,
	author = {Leroy, Xavier},
	title = {Formal Verification of a Realistic Compiler},
	year = {2009},
	issue_date = {July 2009},
	publisher = {Association for Computing Machinery},
	address = {New York, NY, USA},
	volume = {52},
	number = {7},
	issn = {0001-0782},
	url = {https://doi.org/10.1145/1538788.1538814},
	doi = {10.1145/1538788.1538814},
	journal = {Commun. ACM},
	month = jul,
	pages = {107–115},
	numpages = {9}
}

@misc{ACM_SIGPLAN_2016,
	author = {ACM SIGPLAN},
	title = {Most Influential POPL Paper Award},
	date = {2016},
	url = {http://www.sigplan.org/Awards/POPL}
}


@article{Klein_et_al_2014,
	author = {Klein, Gerwin and Andronick, June and Elphinstone, Kevin and Murray, Toby and Sewell, Thomas and Kolanski, Rafal and Heiser, Gernot},
	year = {2014},
	month = {02},
	pages = {},
	title = {Comprehensive Formal Verification of an OS Microkernel},
	volume = {32},
	journal = {ACM Transactions on Computer Systems (TOCS)},
	doi = {10.1145/2560537}
}

@inproceedings{Ongaro_et_al_2014,
	author = {Ongaro, Diego and Ousterhout, John},
	title = {In Search of an Understandable Consensus Algorithm},
	year = {2014},
	isbn = {9781931971102},
	publisher = {USENIX Association},
	address = {USA},
	booktitle = {Proceedings of the 2014 USENIX Conference on USENIX Annual Technical Conference},
	pages = {305–320},
	numpages = {16},
	location = {Philadelphia, PA},
	series = {USENIX ATC’14}
}

@inproceedings{Woos_et_al_2016,
	author = {Woos, Doug and Wilcox, James R. and Anton, Steve and Tatlock, Zachary and Ernst, Michael D. and Anderson, Thomas},
	title = {Planning for Change in a Formal Verification of the Raft Consensus Protocol},
	year = {2016},
	isbn = {9781450341271},
	publisher = {Association for Computing Machinery},
	address = {New York, NY, USA},
	url = {https://doi.org/10.1145/2854065.2854081},
	doi = {10.1145/2854065.2854081},
	booktitle = {Proceedings of the 5th ACM SIGPLAN Conference on Certified Programs and Proofs},
	pages = {154–165},
	numpages = {12},
	keywords = {Raft, Formal verification, distributed systems, Verdi, Coq, proof assistants},
	location = {St. Petersburg, FL, USA},
	series = {CPP 2016}
}

@Article{Kaivola_et_al_2003,
	author={Kaivola, Roope
	and Kohatsu, Katherine},
	title={Proof engineering in the large: formal verification of Pentium?4 floating-point divider},
	journal={International Journal on Software Tools for Technology Transfer},
	year={2003},
	volume={4},
	number={3},
	pages={323-334},
    issn={1433-2779},
	doi={10.1007/s10009-002-0081-6},
	url={https://doi.org/10.1007/s10009-002-0081-6}
}

@inproceedings{Delaware_et_al_2011,
	author = {Delaware, Benjamin and Cook, William and Batory, Don},
	title = {Product Lines of Theorems},
	year = {2011},
	isbn = {9781450309400},
	publisher = {Association for Computing Machinery},
	address = {New York, NY, USA},
	url = {https://doi.org/10.1145/2048066.2048113},
	doi = {10.1145/2048066.2048113},
	booktitle = {Proceedings of the 2011 ACM International Conference on Object Oriented Programming Systems Languages and Applications},
	pages = {595–608},
	numpages = {14},
	keywords = {product line verification, feature-orientation, mechanized metatheory},
	location = {Portland, Oregon, USA},
	series = {OOPSLA ’11}
}

@inproceedings{Klein_et_al_2009,
	author = {Klein, Gerwin and Elphinstone, Kevin and Heiser, Gernot and Andronick, June and Cock, David and Derrin, Philip and Elkaduwe, Dhammika and Engelhardt, Kai and Kolanski, Rafal and Norrish, Michael and et al.},
	title = {SeL4: Formal Verification of an OS Kernel},
	year = {2009},
	isbn = {9781605587523},
	publisher = {Association for Computing Machinery},
	address = {New York, NY, USA},
	url = {https://doi.org/10.1145/1629575.1629596},
	doi = {10.1145/1629575.1629596},
	booktitle = {Proceedings of the ACM SIGOPS 22nd Symposium on Operating Systems Principles},
	pages = {207–220},
	numpages = {14},
	keywords = {isabelle/hol, sel4, microkernel, l4},
	location = {Big Sky, Montana, USA},
	series = {SOSP ’09}
}

@inproceedings{Curzon_1995,
	title={The importance of proof maintenance and reengineering},
	author={Curzon, Paul},
	booktitle={Int. Workshop on Higher Order Logic Theorem Proving and Its Applications: B-Track},
	pages={17--32},
	year={1995}
}

@inproceedings{Aydemir_et_al_2005,
	author = {Aydemir, Brian and Bohannon, Aaron and Fairbairn, Matthew and Foster, Nate and Pierce, Benjamin and Sewell, Peter and Vytiniotis, Dimitrios and Washburn, Geoffrey and Zdancewic, S.},
	year = {2005},
	month = {08},
	pages = {},
	title = {Mechanized Metatheory for the Masses: The POPLmark Challenge},
	volume = {3603},
	journal = {Lecture Notes in Computer Science},
	doi = {10.1007/11541868_4}
}

@book{Chlipala_CPDT_2013,
	author    = {Adam Chlipala},
	title     = {Certified Programming with Dependent Types - {A} Pragmatic Introduction
	to the Coq Proof Assistant},
	publisher = {{MIT} Press},
	year      = {2013},
	url       = {http://mitpress.mit.edu/books/certified-programming-dependent-types},
	isbn      = {978-0-262-02665-9},
	timestamp = {Mon, 11 May 2015 16:37:23 +0200},
	biburl    = {https://dblp.org/rec/books/daglib/0035083.bib},
	bibsource = {dblp computer science bibliography, https://dblp.org}
}

@article{Chlipala_2008,
	author    = {Adam Chlipala},
	title     = {Modular development of certified program verifiers with a proof assistant,},
	journal   = {J. Funct. Program.},
	volume    = {18},
	number    = {5-6},
	pages     = {599--647},
	year      = {2008},
	url       = {https://doi.org/10.1017/S0956796808006904},
	doi       = {10.1017/S0956796808006904},
	timestamp = {Sat, 27 May 2017 14:24:34 +0200},
	biburl    = {https://dblp.org/rec/journals/jfp/Chlipala08.bib},
	bibsource = {dblp computer science bibliography, https://dblp.org}
}

@inproceedings{Filliatre_et_al_2004,
	TITLE = {{Functors for Proofs and Programs}},
	AUTHOR = {Filli{\^a}tre, Jean-Christophe and Letouzey, Pierre},
	URL = {https://hal.archives-ouvertes.fr/hal-00150913},
	BOOKTITLE = {{13th European Symposium on Programming, ESOP 2004}},
	ADDRESS = {Barcelona, Spain},
	EDITOR = {D. Schmidt},
	PUBLISHER = {{Springer}},
	SERIES = {Lecture Notes in Computer Science},
	PAGES = {370-384},
	YEAR = {2004},
	MONTH = Feb,
	DOI = {10.1007/b96702},
	KEYWORDS = {Functors ; Proof of program ; finite sets ; AVL trees ; extraction ; Coq ; Ocaml},
	PDF = {https://hal.archives-ouvertes.fr/hal-00150913/file/fpp.pdf},
	HAL_ID = {hal-00150913},
	HAL_VERSION = {v1},
}

@inproceedings{Appel_2011,
	title={Efficient Verified Red-Black Trees},
	author={Andrew W. Appel},
	year={2011},
    url = {https://www.cs.princeton.edu/~appel/papers/redblack.pdf}
}

@incollection{Ballarin_2004,
	address = {vol 3085. Springer, Berlin, Heidelberg},
	author = {Ballarin, C.},
	booktitle = {Berardi S},
	editor = {Coppo, M. and Damiani, F.},
	publisher = {Types for Proofs and Programs. TYPES 2003. Lecture Notes in Computer Science},
	title = {Locales and Locale Expressions in Isabelle/Isar},
	year = {2004},
}


@incollection{Kammuller_1999,
	address = {vol 1690. Springer, Berlin, Heidelberg},
	author = {Kamm{"u}ller, F. and Wenzel, M. and Paulson, L. C.},
	booktitle = {Bertot Y},
	editor = {Dowek, G. and Th{\'e}ry, L. and Hirschowitz, A. and Paulin, C.},
	publisher = {Theorem Proving in Higher Order Logics. TPHOLs 1999. Lecture Notes in Computer Science},
	title = {Locales A Sectioning Concept for Isabelle},
	year = {1999},
}

@article{Ballarin_2010,
	author = {Ballarin, Clemens},
	year = {2010},
	month = {01},
	pages = {},
	title = {Tutorial to Locales and Locale Interpretation},
	journal = {Contribuciones científicas en honor de Mirian Andrés Gómez, 2010-01-01, ISBN 978-84-96487-50-5, pags. 123-140}
}

@inproceedings{Rabe_et_al_2009,
	author = {Rabe, Florian and Sch\"{u}rmann, Carsten},
	title = {A Practical Module System for LF},
	year = {2009},
	isbn = {9781605585291},
	publisher = {Association for Computing Machinery},
	address = {New York, NY, USA},
	url = {https://doi.org/10.1145/1577824.1577831},
	doi = {10.1145/1577824.1577831},
	booktitle = {Proceedings of the Fourth International Workshop on Logical Frameworks and Meta-Languages: Theory and Practice},
	pages = {40–48},
	numpages = {9},
	keywords = {Kolmogorov translation, proof assistants, modules, structures, views, Twelf, logical frameworks},
	location = {Montreal, Quebec, Canada},
	series = {LFMTP ’09}
}

@article{Ringer_et_al_2019,
	url = {http://dx.doi.org/10.1561/2500000045},
	year = {2019},
	volume = {5},
	journal = {Foundations and Trends® in Programming Languages},
	title = {QED at Large: A Survey of Engineering of Formally Verified Software},
	doi = {10.1561/2500000045},
	issn = {2325-1107},
	number = {2-3},
	pages = {102-281},
	author = {Talia Ringer and Karl Palmskog and Ilya Sergey and Milos Gligoric and Zachary Tatlock}
}


@misc{StructTact_2016,
	author = {StructTact Development Team},
	title = {StructTact},
	date = {2016-2019},
	url = {http://github.com/uwplse/StructTact}
}

@incollection{Harrison_et_al_2014,
	title = "History of Interactive Theorem Proving",
	editor = "Jörg H. Siekmann",
	series = "Handbook of the History of Logic",
	publisher = "North-Holland",
	volume = "9",
	pages = "135 - 214",
	year = "2014",
	booktitle = "Computational Logic",
	issn = "1874-5857",
	doi = "https://doi.org/10.1016/B978-0-444-51624-4.50004-6",
	url = "http://www.sciencedirect.com/science/article/pii/B9780444516244500046",
	author = "John Harrison and Josef Urban and Freek Wiedijk"
}

@INPROCEEDINGS{Dramnesc_et_al_2015,
	author={I. {Drâmnesc} and T. {Jebelean} and S. {Stratulat}},
	booktitle={2015 IEEE 13th International Symposium on Intelligent Systems and Informatics (SISY)},
	title={Theory exploration of binary trees},
	year={2015},
	volume={},
	number={},
	pages={139-144},
	keywords={sorting;theorem proving;trees (mathematics);binary trees;proof-based synthesis;sorting algorithm certification;Theorema system;Coq;Binary trees;Sorting;Yttrium;Knowledge based systems;Cognition;Context;Intelligent systems;automated reasoning;theory exploration;binary trees;Theorema;Coq},
	doi={10.1109/SISY.2015.7325367},
	ISSN={1949-0488},
	month={Sep.}
}

@article{Buchberger_et_al_2006,
	title = {Theorema: Towards computer-aided mathematical theory exploration},
	journal = {Journal of Applied Logic},
	volume = {4},
	number = {4},
	pages = {470 - 504},
	year = {2006},
	note = {Towards Computer Aided Mathematics},
	issn = {1570-8683},
	doi = {https://doi.org/10.1016/j.jal.2005.10.006},
	url = {http://www.sciencedirect.com/science/article/pii/S1570868305000716},
	author = {Bruno Buchberger and Adrian Crǎciun and Tudor Jebelean and Laura Kovács and Temur Kutsia and Koji Nakagawa and Florina Piroi and Nikolaj Popov and Judit Robu and Markus Rosenkranz and Wolfgang Windsteiger}
}

@article{Johansson_et_al_2014,
	author    = {Moa Johansson and Dan Ros{\'{e}}n and Nicholas Smallbone and Koen Claessen},
	title     = {Hipster: Integrating Theory Exploration in a Proof Assistant},
	journal   = {CoRR},
	volume    = {abs/1405.3426},
	year      = {2014},
	url       = {http://arxiv.org/abs/1405.3426},
	archivePrefix = {arXiv},
	eprint    = {1405.3426},
	timestamp = {Mon, 13 Aug 2018 16:48:53 +0200},
	biburl    = {https://dblp.org/rec/journals/corr/JohanssonRSC14.bib},
	bibsource = {dblp computer science bibliography, https://dblp.org}
}

@article{Kaliszyk_et_al_2015,
	author={Kaliszyk, Cezary and Urban, Josef},
	title={HOL(y)Hammer: Online ATP Service for HOL Light},
	journal={Mathematics in Computer Science},
	year={2015},
	volume={9},
	number={1},
	pages={5-22},
    issn={1661-8289},
	doi={10.1007/s11786-014-0182-0},
	url={https://doi.org/10.1007/s11786-014-0182-0}
}


@article{Blanchette_et_al_2016,
	author = {Jasmin Blanchette and Cezary Kaliszyk and Lawrence Paulson and Josef Urban},
	title = {Hammering towards QED},
	journal = {Journal of Formalized Reasoning},
	volume = {9},
	number = {1},
	year = {2016},
	issn = {1972-5787},	
	pages = {101--148},	
	doi = {10.6092/issn.1972-5787/4593},
	url = {https://jfr.unibo.it/article/view/4593}
}

@article{Urban_2004,
	title={MPTP--motivation, implementation, first experiments},
	author={Urban, Josef},
	journal={Journal of Automated Reasoning},
	volume={33},
	number={3-4},
	pages={319--339},
	year={2004},
	publisher={Springer}
}

@inproceedings{Paulson_et_al_2015,
	author = {Paulson, Lawrence and Blanchette, Jasmin},
	year = {2015},
	month = {02},
	pages = {},
	title = {Three Years of Experience with Sledgehammer, a Practical Link between Automatic and Interactive Theorem Provers},
	journal = {Proceedings of the 8th International Workshop on the Implementation of Logics},
	doi = {10.29007/tnfd}
}

@Article{Kaliszyk_et_al_2014,
	author={Kaliszyk, Cezary and Urban, Josef},
	title={Learning-Assisted Automated Reasoning with Flyspeck},
	journal={Journal of Automated Reasoning},
	year={2014},
	volume={53},
	number={2},
	pages={173-213},
	issn={1573-0670},
	doi={10.1007/s10817-014-9303-3},
	url={https://doi.org/10.1007/s10817-014-9303-3}
}

@Article{Czajka_Kaliszyk_2018,
	author={Czajka, Lukasz and Kaliszyk, Cezary},
	title={Hammer for Coq: Automation for Dependent Type Theory},
	journal={Journal of Automated Reasoning},
	year={2018},
	volume={61},
	number={1},
	pages={423-453},
	issn={1573-0670},
	doi={10.1007/s10817-018-9458-4},
	url={https://doi.org/10.1007/s10817-018-9458-4}
}

@inproceedings{Gu_et_al_2016,
	author = {Gu, Ronghui and Shao, Zhong and Chen, Hao and Wu, Xiongnan and Kim, Jieung and Sj\"{o}berg, Vilhelm and Costanzo, David},
	title = {CertiKOS: An Extensible Architecture for Building Certified Concurrent OS Kernels},
	year = {2016},
	isbn = {9781931971331},
	publisher = {USENIX Association},
	address = {USA},
	booktitle = {Proceedings of the 12th USENIX Conference on Operating Systems Design and Implementation},
	pages = {653–669},
	numpages = {17},
	location = {Savannah, GA, USA},
	series = {OSDI’16}
}

@incollection{Naumov_et_al_2001,
	address = {vol 2152. Springer, Berlin, Heidelberg},
	author = {Naumov, P. and Stehr MO. and Meseguer, J.},
	booktitle = {Boulton R},
	editor = {J., Jackson P. B},
	publisher = {Theorem Proving in Higher Order Logics. TPHOLs 2001. Lecture Notes in Computer Science},
	title = {The HOL/NuPRL Proof Translator},
	year = {2001},
}


@incollection{Howe_1996_a,
	address = {vol 1101. Springer, Berlin, Heidelberg},
	author = {Howe, D. J.},
	booktitle = {Wirsing M},
	editor = {Nivat, M.},
	publisher = {Algebraic Methodology and Software Technology. AMAST 1996. Lecture Notes in Computer Science},
	title = {Semantic foundations for embedding HOL in Nuprl},
	year = {1996},
}


@incollection{Howe_1996_b,
	address = {vol 1125. Springer, Berlin, Heidelberg},
	author = {Howe, D. J.},
	booktitle = {Goos G},
	editor = {Hartmanis, J. and van Leeuwen, J. and von Wright, J. and Grundy, J. and Harrison, J.},
	publisher = {Theorem Proving in Higher Order Logics. TPHOLs 1996. Lecture Notes in Computer Science},
	title = {Importing mathematics from HOL into Nuprl},
	year = {1996},
}

@incollection{Felty_1997,
	address = {vol 1249. Springer, Berlin, Heidelberg},
	author = {Felty, A. P. and Howe, D. J.},
	booktitle = {Automated Deduction—CADE-14},
	editor = {McCune, W},
	publisher = {CADE 1997. Lecture Notes in Computer Science (Lecture Notes in Artificial Intelligence)},
	title = {Hybrid interactive theorem proving using nuprl and HOL},
	year = {1997},
}

@inproceedings{McLaughlin_2006,
	author = {McLaughlin, Sean},
	title = {An Interpretation of Isabelle/HOL in HOL Light},
	year = {2006},
	isbn = {3540371877},
	publisher = {Springer-Verlag},
	address = {Berlin, Heidelberg},
	url = {https://doi.org/10.1007/11814771_18},
	doi = {10.1007/11814771_18},
	booktitle = {Proceedings of the Third International Joint Conference on Automated Reasoning},
	pages = {192–204},
	numpages = {13},
	location = {Seattle, WA},
	series = {IJCAR’06}
}

@incollection{Denney_2000,
	address = {vol 1869. Springer, Berlin, Heidelberg},
	author = {Denney, E.},
	booktitle = {Aagaard M},
	editor = {Harrison, J.},
	publisher = {Theorem Proving in Higher Order Logics. TPHOLs 2000. Lecture Notes in Computer Science},
	title = {A Prototype Proof Translator from HOL to Coq},
	year = {2000},
}

@incollection{Obua_2006,
	address = {vol 4130. Springer, Berlin, Heidelberg},
	author = {Obua, S. and Skalberg, S.},
	booktitle = {Furbach U},
	editor = {Shankar, N.},
	publisher = {Automated Reasoning. IJCAR 2006. Lecture Notes in Computer Science},
	title = {Importing HOL into Isabelle/HOL},
	year = {2006},
}

@inproceedings{Kaliszyk_Krauss_2013,
	author = {Kaliszyk, Cezary and Krauss, Alexander},
	title = {Scalable LCF-Style Proof Translation},
	year = {2013},
	isbn = {9783642396335},
	publisher = {Springer-Verlag},
	address = {Berlin, Heidelberg},
	url = {https://doi.org/10.1007/978-3-642-39634-2_7},
	doi = {10.1007/978-3-642-39634-2_7},
	booktitle = {Proceedings of the 4th International Conference on Interactive Theorem Proving},
	pages = {51–66},
	numpages = {16},
	location = {Rennes, France},
	series = {ITP’13}
}

@inproceedings{Keller_Werner_2010,
	title={Importing HOL light into Coq},
	author={Keller, Chantal and Werner, Benjamin},
	booktitle={International Conference on Interactive Theorem Proving},
	pages={307--322},
	year={2010},
	url = {https://doi.org/10.1007/978-3-642-14052-5_22},
	organization={Springer}
}

@incollection{Hurd_2011,
	address = {vol 6617. Springer, Berlin, Heidelberg},
	author = {Hurd, J.},
	booktitle = {Bobaru M},
	editor = {Havelund, K. and Holzmann, G. J. and Joshi, R.},
	publisher = {NASA Formal Methods. NFM 2011. Lecture Notes in Computer Science},
	title = {The OpenTheory Standard Theory Library},
	url={https://doi.org/10.1007/978-3-642-20398-5_14},
	year = {2011},
}

@article{Kohlhase_Rabe_2016,
	title={QED Reloaded: Towards a Pluralistic Formal Library of Mathematical Knowledge},
	author={Kohlhase, Michael and Rabe, Florian},
	journal={J. Formalized Reasoning},
	year={2016},
	volume={9},
	pages={201-234}
}

@article{Kohlhase_Rabe_2020,
	author = {Kohlhase, Michael and Rabe, Florian},
	title = {Experiences from Exporting Major Proof Assistant Libraries},
	year = {2020},
	url = {https://kwarc.info/people/frabe/Research/KR_oafexp_20.pdf}
}

@inproceedings{Hasker_Reddy_1992,
	title={Generalization at higher types},
	author={Hasker, Robert W and Reddy, Uday S},
	booktitle={Proceedings of the Workshop on the $\lambda$Prolog Programming Language},
	pages={257--271},
	year={1992}
}

@incollection{Kolbe_Walther_1998,
	address = {vol 9. Springer, Dordrecht},
	author = {Kolbe, T. and Walther, C.},
	booktitle = {Bibel W},
	editor = {Schmitt, P. H},
	publisher = {Automated Deduction — A Basis for Applications. Applied Logic Series},
	title = {Proof Analysis, Generalization and Reuse},
	url = {https://10.1007/978-94-017-0435-9_8},
	year = {1998},
}

@inproceedings{Barthe_Pons_2001,
	title={Type isomorphisms and proof reuse in dependent type theory},
	author={Barthe, Gilles and Pons, Olivier},
	booktitle={International Conference on Foundations of Software Science and Computation Structures},
	pages={57--71},
	year={2001},
	organization={Springer}
}

@phdthesis{Pons_1999,
	title={Conception et r{\'E}alisation d'outils d'aide au d{\'E}veloppement de grosses th{\'E}ories dans les syst{\`e}mes de preuves interactifs},
	author={Pons, Olivier}
}

@inproceedings{Boite_2004,
	TITLE = {{Proof Reuse with Extended Inductive Types}},
	AUTHOR = {Boite, Olivier},
	URL = {https://hal.archives-ouvertes.fr/hal-01124944},
	BOOKTITLE = {{TPHOLs 2004}},
	ADDRESS = {X, France},
	HAL_LOCAL_REFERENCE = {BOI04},
	SERIES = {LNCS},
	VOLUME = {3223},
	PAGES = {50-65},
	YEAR = {2004},
	MONTH = Jan,
	HAL_ID = {hal-01124944},
	HAL_VERSION = {v1},
}

@incollection{Mulhern_2006,
	author = {Mulhern, A.},
	booktitle = {In Proceedings of the First Informal ACM SIGPLAN Workshop on Mechanizing Metatheory},
	title = {“Proof Weaving”},
	year = {2006},
}

@incollection{Johnsen_Luth_2004,
	address = {vol 3223. Springer, Berlin, Heidelberg},
	author = {Johnsen, E. B. and Lüth, C.},
	booktitle = {Slind K},
	editor = {Bunker, A. and Gopalakrishnan, G.},
	publisher = {Theorem Proving in Higher Order Logics. TPHOLs 2004. Lecture Notes in Computer Science},
	title = {Theorem Reuse by Proof Term Transformation},
	year = {2004},
}


@InProceedings{Berghofer_Nipkow_2002,
	author="Berghofer, Stefan
	and Nipkow, Tobias",
	editor="Aagaard, Mark
	and Harrison, John",
	title="Proof Terms for Simply Typed Higher Order Logic",
	booktitle="Theorem Proving in Higher Order Logics",
	year="2000",
	publisher="Springer Berlin Heidelberg",
	address="Berlin, Heidelberg",
	pages="38--52",
	abstract="This paper presents proof terms for simply typed, intuitionistic higher order logic, a popular logical framework. Unification-based algorithms for the compression and reconstruction of proof terms are described and have been implemented in the theorem prover Isabelle. Experimental results confirm the effectiveness of the compression scheme.",
	isbn="978-3-540-44659-0"
}


@article{Caplan_Harandi_1995,
	author = {Caplan, Joshua E. and Harandi, Mehdi T.},
	title = {A Logical Framework for Software Proof Reuse},
	year = {1995},
	issue_date = {August 1995},
	publisher = {Association for Computing Machinery},
	address = {New York, NY, USA},
	volume = {20},
	number = {SI},
	issn = {0163-5948},
	url = {https://doi.org/10.1145/223427.211821},
	doi = {10.1145/223427.211821},
	journal = {SIGSOFT Softw. Eng. Notes},
	month = aug,
	pages = {106–113},
	numpages = {8}
}

@inproceedings{Felty_Howe_1994,
	author = {Felty, Amy and Howe, Douglas J.},
	title = {Generalization and Reuse of Tactic Proofs},
	year = {1994},
	isbn = {3540582169},
	publisher = {Springer-Verlag},
	address = {Berlin, Heidelberg},
	booktitle = {Proceedings of the 5th International Conference on Logic Programming and Automated Reasoning},
	pages = {1–15},
	numpages = {15},
	series = {LPAR ’94}
}

@incollection{McBride_2011,
	address = {url},
	author = {McBride, C.},
	booktitle = {algebraic ornaments”},
	title = {“Ornamental algebras},
	year = {2011},
	url = {http://plv.mpi-sws.org/plerg/papers/mcbride-ornaments-2up.pd},
}

@article{Diehl_et_al_2018,
	author = {Diehl, Larry and Firsov, Denis and Stump, Aaron},
	title = {Generic Zero-Cost Reuse for Dependent Types},
	year = {2018},
	issue_date = {July 2018},
	publisher = {Association for Computing Machinery},
	address = {New York, NY, USA},
	volume = {2},
	number = {ICFP},
	url = {https://doi.org/10.1145/3236799},
	doi = {10.1145/3236799},
	journal = {Proc. ACM Program. Lang.},
	month = jul,
	articleno = {Article 104},
	numpages = {30},
	keywords = {generic programming, reuse, dependent types}
}

@inproceedings{Williams_2014,
	author = {Williams, Thomas and Dagand, Pierre-\'{E}variste and R\'{e}my, Didier},
	title = {Ornaments in Practice},
	year = {2014},
	isbn = {9781450330428},
	publisher = {Association for Computing Machinery},
	address = {New York, NY, USA},
	url = {https://doi.org/10.1145/2633628.2633631},
	doi = {10.1145/2633628.2633631},
	booktitle = {Proceedings of the 10th ACM SIGPLAN Workshop on Generic Programming},
	pages = {15–24},
	numpages = {10},
	keywords = {datatypes, ornament, refactoring, code inference, generalized algebraic datatypes, dependent types},
	location = {Gothenburg, Sweden},
	series = {WGP ’14}
}

@article{Dagand_McBride_2012,
	author = {Dagand, Pierre-Evariste and McBride, Conor},
	title = {Transporting Functions across Ornaments},
	year = {2012},
	issue_date = {October 2012},
	publisher = {Association for Computing Machinery},
	address = {New York, NY, USA},
	volume = {47},
	number = {9},
	issn = {0362-1340},
	url = {https://doi.org/10.1145/2398856.2364544},
	doi = {10.1145/2398856.2364544},
	journal = {SIGPLAN Not.},
	month = sep,
	pages = {103–114},
	numpages = {12},
	keywords = {dependent types, datatype, ornament}
}

@InProceedings{ringer_et_al_2019_b,
	author =	{Talia Ringer and Nathaniel Yazdani and John Leo and Dan Grossman},
	title =	{{Ornaments for Proof Reuse in Coq}},
	booktitle =	{10th International Conference on Interactive Theorem Proving (ITP 2019)},
	pages =	{26:1--26:19},
	series =	{Leibniz International Proceedings in Informatics (LIPIcs)},
	ISBN =	{978-3-95977-122-1},
	ISSN =	{1868-8969},
	year =	{2019},
	volume =	{141},
	editor =	{John Harrison and John O'Leary and Andrew Tolmach},
	publisher =	{Schloss Dagstuhl--Leibniz-Zentrum fuer Informatik},
	address =	{Dagstuhl, Germany},
	URL =		{http://drops.dagstuhl.de/opus/volltexte/2019/11081},
	URN =		{urn:nbn:de:0030-drops-110816},
	doi =		{10.4230/LIPIcs.ITP.2019.26},
	annote =	{Keywords: ornaments, proof reuse, proof automation}
}

@InProceedings{cohen_et_al_2018,
	author =	{Cyril Cohen and Thierry Coquand and Simon Huber and Anders M{\"o}rtberg},
	title =	{{Cubical Type Theory: A Constructive Interpretation of the Univalence Axiom}},
	booktitle =	{21st International Conference on Types for Proofs and Programs (TYPES 2015)},
	pages =	{5:1--5:34},
	series =	{Leibniz International Proceedings in Informatics (LIPIcs)},
	ISBN =	{978-3-95977-030-9},
	ISSN =	{1868-8969},
	year =	{2018},
	volume =	{69},
	editor =	{Tarmo Uustalu},
	publisher =	{Schloss Dagstuhl--Leibniz-Zentrum fuer Informatik},
	address =	{Dagstuhl, Germany},
	URL =		{http://drops.dagstuhl.de/opus/volltexte/2018/8475},
	URN =		{urn:nbn:de:0030-drops-84754},
	doi =		{10.4230/LIPIcs.TYPES.2015.5},
	annote =	{Keywords: univalence axiom, dependent type theory, cubical sets}
}

@article{Tabareau_et_al_2018,
	author = {Tabareau, Nicolas and Tanter, \'{E}ric and Sozeau, Matthieu},
	title = {Equivalences for Free: Univalent Parametricity for Effective Transport},
	year = {2018},
	issue_date = {July 2018},
	publisher = {Association for Computing Machinery},
	address = {New York, NY, USA},
	volume = {2},
	number = {ICFP},
	url = {https://doi.org/10.1145/3236787},
	doi = {10.1145/3236787},
	journal = {Proc. ACM Program. Lang.},
	month = jul,
	articleno = {Article 92},
	numpages = {29},
	keywords = {Parametricity, Type Equivalence, Coq, Homotopy Type Theory}
}

@phdthesis{Robert_2018,
	title={Front-end tooling for building and maintaining dependently-typed functional programs},
	author={Robert, Valentin},
	booktitle = {PhD Thesis},
	year={2018},
	school={UC San Diego}
}

@phdthesis{Opdyke_1992,
	title={Refactoring object-oriented frameworks},
	author={Opdyke, W. F.},
	booktitle = {PhD Thesis},
	year={1992},
	school={University of Illinois at Urbana-Champaign}
}

@incollection{Bourke_et_al_2012,
	address = {vol 7362. Springer, Berlin, Heidelberg},
	author = {Bourke, T. and Daum, M. and Klein, G. and Kolanski, R.},
	booktitle = {Intelligent Computer Mathematics},
	editor = {Jeuring, J. and others Jeuring J. al},
	publisher = {CICM 2012. Lecture Notes in Computer Science},
	title = {Challenges and Experiences in Managing Large-Scale Proofs},
	year = {2012},
}

@inproceedings{Adams_2015,
	author = {Adams, Mark},
	title = {Refactoring Proofs with Tactician},
	year = {2015},
	isbn = {9783662492239},
	publisher = {Springer-Verlag},
	address = {Berlin, Heidelberg},
	url = {https://doi.org/10.1007/978-3-662-49224-6_6},
	doi = {10.1007/978-3-662-49224-6_6},
	booktitle = {Revised Selected Papers of the SEFM 2015 Collocated Workshops on Software Engineering and Formal Methods - Volume 9509},
	pages = {53–67},
	numpages = {15}
}

@article{Lin_et_al_2016,
	author    = {Yuhui Lin and
	Gudmund Grov and
	Rob Arthan},
	title     = {Understanding and maintaining tactics graphically {OR} how we learned
	that a diagram can be worth more than 10K LoC},
	journal   = {CoRR},
	volume    = {abs/1610.05593},
	year      = {2016},
	url       = {http://arxiv.org/abs/1610.05593},
	archivePrefix = {arXiv},
	eprint    = {1610.05593},
	timestamp = {Mon, 13 Aug 2018 16:48:58 +0200},
	biburl    = {https://dblp.org/rec/journals/corr/LinGA16.bib},
	bibsource = {dblp computer science bibliography, https://dblp.org}
}



@mathesis{Wibergh_2019,
	title={Automatic refactoring for Agda},
	author={Wibergh, Karin},
	booktitle = {MA Thesis},
	year={2018},
	school={Chalmers University of Technology and University of Gothenburg.}
}

@inproceedings{Roe_Smith_2016,
	author    = {Kenneth Roe and
	Scott F. Smith},
	editor    = {Jasmin Christian Blanchette and
	Stephan Merz},
	title     = {CoqPIE: An {IDE} Aimed at Improving Proof Development Productivity
	- (Rough Diamond)},
	booktitle = {Interactive Theorem Proving - 7th International Conference, {ITP}
	2016, Nancy, France, August 22-25, 2016, Proceedings},
	series    = {Lecture Notes in Computer Science},
	volume    = {9807},
	pages     = {491--499},
	publisher = {Springer},
	year      = {2016},
	url       = {https://doi.org/10.1007/978-3-319-43144-4\_32},
	doi       = {10.1007/978-3-319-43144-4\_32},
	timestamp = {Tue, 14 May 2019 10:00:37 +0200},
	biburl    = {https://dblp.org/rec/conf/itp/RoeS16.bib},
	bibsource = {dblp computer science bibliography, https://dblp.org}
}

@inproceedings{Ringer_et_al_2018,
	author = {Ringer, Talia and Yazdani, Nathaniel and Leo, John and Grossman, Dan},
	title = {Adapting Proof Automation to Adapt Proofs},
	year = {2018},
	isbn = {9781450355865},
	publisher = {Association for Computing Machinery},
	address = {New York, NY, USA},
	url = {https://doi.org/10.1145/3167094},
	doi = {10.1145/3167094},
	booktitle = {Proceedings of the 7th ACM SIGPLAN International Conference on Certified Programs and Proofs},
	pages = {115–129},
	numpages = {15},
	keywords = {proof automation, proof repair, proof evolution},
	location = {Los Angeles, CA, USA},
	series = {CPP 2018}
}

@software{Coq_2019,
	author       = {The Coq Development Team},
	title        = {The Coq Proof Assistant, version 8.10.0},
	month        = oct,
	year         = 2019,
	publisher    = {Zenodo},
	version      = {8.10.0},
	doi          = {10.5281/zenodo.3476303},
	url          = {https://doi.org/10.5281/zenodo.3476303}
}

@article{Coquand_Huet_1988,
	title = "The calculus of constructions",
	journal = "Information and Computation",
	volume = "76",
	number = "2",
	pages = "95 - 120",
	year = "1988",
	issn = "0890-5401",
	doi = "https://doi.org/10.1016/0890-5401(88)90005-3",
	url = "http://www.sciencedirect.com/science/article/pii/0890540188900053",
	author = "Thierry Coquand and Gérard Huet"
}

@article{Scott_1993,
	title={A type-theoretical alternative to ISWIM, CUCH, OWHY},
	author={Scott, Dana S},
	journal={Theoretical Computer Science},
	volume={121},
	number={1-2},
	pages={411--440},
	year={1993},
	publisher={Elsevier}
}

@book{Lof_1984,
	title={Intuitionistic type theory},
	author={Martin-L{\"o}f, Per and Sambin, Giovanni},
	volume={9},
	year={1984},
	publisher={Bibliopolis Naples}
}

@incollection{Bruijn_1983,
	title={Automath, a language for mathematics},
	author={de Bruijn, Nicolaas Govert},
	booktitle={Automation of Reasoning},
	pages={159--200},
	year={1983},
	publisher={Springer}
}

@article{Geuvers_2009,
	title={Proof assistants: History, ideas and future},
	author={Geuvers, Herman},
	journal={Sadhana},
	volume={34},
	number={1},
	pages={3--25},
	year={2009},
	publisher={Springer}
}

@inproceedings{Wenzel_2008,
	title={The isabelle framework},
	author={Wenzel, Makarius and Paulson, Lawrence C and Nipkow, Tobias},
	booktitle={International Conference on Theorem Proving in Higher Order Logics},
	pages={33--38},
	year={2008},
	organization={Springer}
}

@book{Gordon_Melham_1993,
	author = {Gordon, M. J. C. and Melham, T. F.},
	title = {Introduction to HOL: A Theorem Proving Environment for Higher Order Logic},
	year = {1993},
	isbn = {0521441897},
	publisher = {Cambridge University Press},
	address = {USA}
}

@inproceedings{Harrison_2014,
	title={History of Interactive Theorem Proving.},
	author={Harrison, John and Urban, Josef and Wiedijk, Freek},
	booktitle={Computational Logic},
	volume={9},
	pages={135--214},
	year={2014}
}

@inproceedings{Wiedijk_2003_a,
	title={Comparing mathematical provers},
	author={Wiedijk, Freek},
	booktitle={International Conference on Mathematical Knowledge Management},
	pages={188--202},
	year={2003},
	organization={Springer}
}

@inproceedings{Wiedijk_2003_b,
	title={Formal proof sketches},
	author={Wiedijk, Freek},
	booktitle={International Workshop on Types for Proofs and Programs},
	pages={378--393},
	year={2003},
	organization={Springer}
}

@article{Barendregt_Geuvers_2001,
	title={Proof-Assistants Using Dependent Type Systems.},
	author={Barendregt, Henk and Geuvers, Herman},
	journal={Handbook of automated reasoning},
	volume={2},
	pages={1149--1238},
	year={2001}
}

@article{Abel_et_al_2017,
	author = {Abel, Andreas and Vezzosi, Andrea and Winterhalter, Theo},
	title = {Normalization by Evaluation for Sized Dependent Types},
	year = {2017},
	issue_date = {August 2017},
	publisher = {Association for Computing Machinery},
	address = {New York, NY, USA},
	volume = {1},
	number = {ICFP},
	url = {https://doi.org/10.1145/3110277},
	doi = {10.1145/3110277},
	journal = {Proc. ACM Program. Lang.},
	month = aug,
	articleno = {Article 33},
	numpages = {30},
	keywords = {dependent types, universes, eta-equality, subtyping, sized types, proof irrelevance, normalization-by-evaluation}
}

@article{Yushkovskiy_Tripakis_2018,
	author    = {Artem Yushkovskiy and
	Stavros Tripakis},
	title     = {Comparison of Two Theorem Provers: Isabelle/HOL and Coq},
	journal   = {CoRR},
	volume    = {abs/1808.09701},
	year      = {2018},
	url       = {http://arxiv.org/abs/1808.09701},
	archivePrefix = {arXiv},
	eprint    = {1808.09701},
	timestamp = {Mon, 03 Sep 2018 13:36:40 +0200},
	biburl    = {https://dblp.org/rec/journals/corr/abs-1808-09701.bib},
	bibsource = {dblp computer science bibliography, https://dblp.org}
}

@incollection{Norell_2009,
	address = {vol 5832. Springer, Berlin, Heidelberg},
	author = {Norell, U.},
	booktitle = {Koopman P},
	editor = {Plasmeijer, R. and Swierstra, D.},
	publisher = {Advanced Functional Programming. AFP 2008. Lecture Notes in Computer Science},
	title = {Dependently Typed Programming in Agda},
	year = {2009},
}

@INPROCEEDINGS{Haftmann_Nipkow_2010,
	author = {Florian Haftmann and Tobias Nipkow},
	title = {Code generation via higher-order rewrite systems},
	booktitle = {In Functional and Logic Programming, 10th International Symposium: FLOPS 2010, volume 6009 of Lecture Notes in Computer Science},
	year = {2010},
	publisher = {Springer}
}

@inproceedings{QED_Manifesto_1994,
	title = {The QED Manifesto},
	year = {1994},
	isbn = {3540581561},
	publisher = {Springer-Verlag},
	address = {Berlin, Heidelberg},
	booktitle = {Proceedings of the 12th International Conference on Automated Deduction},
	pages = {238–251},
	numpages = {14},
	series = {CADE-12}
}

@article{Coquand_et_al_2018,
	author    = {Thierry Coquand and
	Simon Huber and
	Anders M{\"{o}}rtberg},
	title     = {On Higher Inductive Types in Cubical Type Theory},
	journal   = {CoRR},
	volume    = {abs/1802.01170},
	year      = {2018},
	url       = {http://arxiv.org/abs/1802.01170},
	archivePrefix = {arXiv},
	eprint    = {1802.01170},
	timestamp = {Mon, 13 Aug 2018 16:47:02 +0200},
	biburl    = {https://dblp.org/rec/journals/corr/abs-1802-01170.bib},
	bibsource = {dblp computer science bibliography, https://dblp.org}
}

@article{Awodey_et_al_2013,
	title={Voevodsky’s univalence axiom in homotopy type theory},
	author={Awodey, Steve and Pelayo, {\'A}lvaro and Warren, Michael A},
	journal={Notices of the AMS},
	volume={60},
	number={9},
	pages={1164--1167}
}

@unknown{Angiuli_et_al_2018,
	author = {Angiuli, Carlo and Cavallo, Evan and Hou, Kuen-Bang and Harper, Robert and Sterling, Jonathan},
	year = {2018},
	month = {07},
	pages = {},
	title = {The RedPRL Proof Assistant (Invited Paper)},
	volume = {274},
	journal = {Electronic Proceedings in Theoretical Computer Science},
	doi = {10.4204/EPTCS.274.1}
}

@unknown{CoqHoTT_2015,
	author = {CoqHoTT Project.},
	year = {2015-2020},
	title = {The CoqHoTT Project},
	url = {http://coqhott.gforge.inria.fr}
}

@inproceedings{Dietrich_et_al_2013,
	author    = {Dominik Dietrich and
	Iain Whiteside and
	David Aspinall},
	editor    = {Kenneth L. McMillan and
	Aart Middeldorp and
	Andrei Voronkov},
	title     = {Polar: {A} Framework for Proof Refactoring},
	booktitle = {Logic for Programming, Artificial Intelligence, and Reasoning - 19th
	International Conference, LPAR-19, Stellenbosch, South Africa, December
	14-19, 2013. Proceedings},
	series    = {Lecture Notes in Computer Science},
	volume    = {8312},
	pages     = {776--791},
	publisher = {Springer},
	year      = {2013},
	url       = {https://doi.org/10.1007/978-3-642-45221-5\_52},
	doi       = {10.1007/978-3-642-45221-5\_52},
	timestamp = {Tue, 14 May 2019 10:00:55 +0200},
	biburl    = {https://dblp.org/rec/conf/lpar/DietrichWA13.bib},
	bibsource = {dblp computer science bibliography, https://dblp.org}
}